@book{HuangZhen2011LunJiGouZiYouDu,
  title = {论机构自由度},
  shorttitle = {《论机构自由度》},
  author = {黄真},
  date = {2011-08},
  publisher = {科学出版社},
  isbn = {978-7-03-031973-9},
  pagetotal = {344},
}

@article{WXX+2024Sensingexpecta,
  title = {Sensing Expectation Enables Simultaneous Proprioception and Contact Detection in an Intelligent Soft Continuum Robot},
  author = {Wang, Peiyi and Xie, Zhexin and Xin, Wenci and Tang, Zhiqiang and Yang, Xinhua and Mohanakrishnan, Muralidharan and Guo, Sheng and Laschi, Cecilia},
  date = {2024-11-18},
  journaltitle = {Nature Communications},
  shortjournal = {Nat Commun},
  volume = {15},
  number = {1},
  pages = {9978},
  publisher = {Nature Publishing Group},
  issn = {2041-1723},
  doi = {10.1038/s41467-024-54327-6},
  url = {https://www.nature.com/articles/s41467-024-54327-6},
  urldate = {2025-03-17},
  langid = {english},
}

@software{TUN2025LaTeXThesisTe,
  title = {{{LaTeX Thesis Template}} for {{Tsinghua University}}},
  author = {{TUNA Association}},
  date = {2025-03-16T10:38:19Z},
  origdate = {2011-09-12T10:20:07Z},
  url = {https://github.com/tuna/thuthesis},
  urldate = {2025-03-16},
  organization = {Tsinghua University TUNA Association},
  version = {7.5.2},
  keywords = {/unread}
}


@misc{CP2024Packagesgraphi,
  title = {Packages in the 'graphics' Bundle},
  author = {Carlisle, D P and Project, The LaTeX},
  date = {2024-05-22},
  url = {https://ctan.org/pkg/graphicx},
  langid = {english},
  keywords = {/unread,No DOI found}
}

@online{TabCreateLaTeXta,
  title = {Create {{LaTeX}} Tables Online},
  author = {{TablesGenerator.com}},
  url = {https://www.tablesgenerator.com/},
  keywords = {/unread}
}

@book{Cog2006ACSStyleGuide,
  title = {The {{ACS Style Guide}}: {{Effective Communication}} of {{Scientific Information}}},
  shorttitle = {The {{ACS Style Guide}}},
  author = {Coghill, Anne M.},
  date = {2006},
  eprint = {n3LKjd0FuAwC},
  eprinttype = {googlebooks},
  publisher = {American Chemical Society},
  isbn = {978-0-8412-3999-9},
  langid = {english},
  pagetotal = {456},
  keywords = {/unread}
}

@standard{QuanGuoLiang1993YouGuanLiangDanWeiHeFuHaoDeYiBanYuanZe,
  title = {有关量、单位和符号的一般原则},
  author = {{全国量和单位标准化技术委员会}},
  date = {1993-12-27},
  journaltitle = {工程科技II辑},
  number = {GB/T 3101---1993},
  url = {https://kns.cnki.net/KCMS/detail/detail.aspx?dbcode=SCSF&dbname=SCSF&filename=SCSF00049265},
  urldate = {2025-03-17},
  langid = {chinese},
  origtitle = {Quantities and units---General principles},
  pagetotal = {24},
  pubstate = {现行},
  keywords = {/unread},
  annotation = {applyDate: 1994-07-01\\
CLC: A51 综合-计量-量和单位\\
dbcode: SCSF\\
dbname: SCSF\\
filename: SCSF00049265}
}

@standard{QuanGuoLiang1993WuLiKeXueHeJiShuZhongShiYongDeShuXueFuHao,
  title = {物理科学和技术中使用的数学符号},
  author = {{全国量和单位标准化技术委员会}},
  date = {1993-12-27},
  journaltitle = {工程科技II辑},
  number = {GB/T 3102.11---1993},
  url = {https://kns.cnki.net/KCMS/detail/detail.aspx?dbcode=SCSF&dbname=SCSF&filename=SCSF00049089},
  urldate = {2025-03-17},
  langid = {chinese},
  origtitle = {Mathematical signs and symbols for use in the physical sciences and technology},
  pagetotal = {32},
  pubstate = {现行},
  keywords = {/unread},
  annotation = {applyDate: 1994-07-01\\
CLC: A51 综合-计量-量和单位\\
dbcode: SCSF\\
dbname: SCSF\\
filename: SCSF00049089}
}

@standard{GuoJiBiao1992Quantitiesunit,
  title = {Quantities and Units; Part 11: Mathematical Signs and Symbols for Use in the Physical Sciences and Technology},
  shorttitle = {量和单位 第11部分},
  author = {{国际标准化组织}},
  date = {1992-12},
  number = {ISO 31---11-1992},
  url = {https://kns.cnki.net/KCMS/detail/detail.aspx?dbcode=SOSD&dbname=SOSD&filename=SOSD000000011262},
  urldate = {2025-03-17},
  langid = {american},
  origtitle = {Quantities and Units; Part 11: Mathematical Signs and Symbols for Use in the Physical Sciences and Technology},
  pagetotal = {27P.;A4},
  pubstate = {废止},
  keywords = {/unread},
  annotation = {CLC: A50 综合-计量-计量综合\\
dbcode: SOSD\\
dbname: SOSD\\
filename: SOSD000000011262}
}

@standard{GuoJiBiao2009Quantitiesunit,
  title = {Quantities and Units - {{Part}} 2: {{Mathematical}} Signs and Symbols to Be Used in the Natural Sciences and Technology},
  shorttitle = {量和单位.第2部分},
  author = {{国际标准化组织}},
  date = {2009-12},
  number = {ISO 80000---2-2009},
  url = {https://kns.cnki.net/KCMS/detail/detail.aspx?dbcode=SOSD&dbname=SOSD&filename=SOSD000005967130},
  urldate = {2025-03-17},
  langid = {american},
  origtitle = {Quantities and Units - {{Part}} 2: {{Mathematical}} Signs and Symbols to Be Used in the Natural Sciences and Technology},
  pagetotal = {40P;A4},
  pubstate = {N},
  keywords = {/unread},
  annotation = {CLC: A51 综合-计量-量和单位\\
dbcode: SOSD\\
dbname: SOSD\\
filename: SOSD000005967130}
}

@article{XuYu2016GB77142015YuGB,
  title = {GB/T 7714-2015与GB/T 7714-2005对比分析},
  author = {{徐玉梅} and {于长英}},
  date = {2016},
  journaltitle = {出版与印刷},
  number = {3},
  pages = {31--35},
  issn = {1007-1938},
  url = {https://kns.cnki.net/KCMS/detail/detail.aspx?dbcode=CJFQ&dbname=CJFDLAST2017&filename=CBYS201603012},
  urldate = {2025-03-17},
  langid = {chinese},
  keywords = {/unread,No DOI found},
  annotation = {download: 1094\\
CLC: G232\\
dbcode: CJFQ\\
dbname: CJFDLAST2017\\
filename: CBYS201603012}
}

@online{OveOverleafZaiXianDeLaT,
  title = {Overleaf, 在线的LaTeX编辑器},
  author = {{Overleaf}},
  url = {https://cn.overleaf.com/},
  urldate = {2025-03-17},
  langid = {chinese},
  keywords = {/unread}
}

@online{MasMITthesistemp,
  title = {The {{MIT}} Thesis Template in {{LaTeX}}},
  author = {{Massachusetts Institute of Technology}},
  url = {https://web.mit.edu/thesis/tex/},
  urldate = {2025-03-17},
  keywords = {/unread}
}

@online{PauPreparingYour,
  title = {Preparing {{Your Ph}}.{{D}}. {{Dissertation Using LaTeX}}},
  author = {{Paul Vojta}},
  url = {https://math.berkeley.edu/~vojta/tex/ucbthesis-phd.html},
  urldate = {2025-03-17},
  keywords = {/unread}
}

@software{Wan2025ZheJiangDaXueXueWeiLunWenLaTeX,
  title = {浙江大学学位论文 {{LaTeX}} 模板},
  author = {Wang, Zixuan},
  date = {2025-03-17T09:41:28Z},
  origdate = {2018-04-19T05:25:46Z},
  url = {https://github.com/TheNetAdmin/zjuthesis},
  urldate = {2025-03-17},
  version = {10.0.1},
  keywords = {/unread}
}

@book{Lam1986LATEXDocument,
  title = {{{LATEX}}: {{A Document Preparation System}}},
  shorttitle = {{{LATEX}}},
  author = {Lamport, Leslie},
  date = {1986},
  eprint = {IgJUAAAAMAAJ},
  eprinttype = {googlebooks},
  publisher = {Addison-Wesley Publishing Company},
  isbn = {978-0-201-15790-1},
  langid = {english},
  pagetotal = {264},
  keywords = {/unread}
}

@misc{BeiJingJiao2014BeiJingJiaoTongDaXueBoShiShuoShiXueWeiLunWen,
  title = {北京交通大学博士、硕士学位论文撰写规范},
  author = {{北京交通大学研究生院}},
  date = {2014-05},
  url = {http://sse.bjtu.edu.cn/media/attachments/2017/07/20170725101952.pdf},
  keywords = {/unread}
}

@software{ChengMingMing2016ZhongWenMoBanMyCVPR,
  title = {中文模板({{MyCVPR}})},
  author = {{程明明}},
  date = {2016},
  url = {https://www.overleaf.com/read/rzdpjzqwkdwb},
  urldate = {2025-03-17},
  organization = {南开大学},
  keywords = {/unread}
}

@article{GuoFang2007BingLianJiQiRenJiGouZongHeFangFaBiJiaoYanJiu,
  title = {并联机器人机构综合方法比较研究},
  author = {{郭盛} and {方跃法}},
  date = {2007},
  journaltitle = {北京交通大学学报},
  number = {1},
  pages = {41--45},
  issn = {1673-0291},
  url = {https://kns.cnki.net/KCMS/detail/detail.aspx?dbcode=CJFQ&dbname=CJFD2007&filename=BFJT200701009},
  urldate = {2025-03-17},
  langid = {chinese},
  keywords = {/unread,No DOI found},
  annotation = {foundation: 国家自然科学基金资助项目(50675016)； 中国博士后科学基金资助项目(20060400396)；\\
download: 759\\
CLC: TP242\\
dbcode: CJFQ\\
dbname: CJFD2007\\
filename: BFJT200701009}
}

@standard{QuanGuoXin2005WenHouCanKaoWenXianZhuLuGuiZe,
  title = {文后参考文献著录规则},
  author = {{全国信息与文献标准化技术委员会}},
  date = {2005-03-23},
  journaltitle = {经济与管理科学},
  number = {GB/T 7714---2005},
  url = {https://kns.cnki.net/KCMS/detail/detail.aspx?dbcode=SCSF&dbname=SCSF&filename=SCSF00000379},
  urldate = {2025-03-17},
  langid = {chinese},
  origtitle = {Rules for content，form and structure of bibliographic references},
  pagetotal = {24},
  pubstate = {被代替},
  keywords = {/unread},
  annotation = {applyDate: 2005-10-01\\
CLC: A14 综合-经济、文化-图书馆、档案、文献与情报工作\\
dbcode: SCSF\\
dbname: SCSF\\
filename: SCSF00000379}
}

@standard{QuanGuoXin2015XinXiYuWenXianCanKaoWenXianZhuLuGuiZe,
  title = {信息与文献 参考文献著录规则},
  author = {{全国信息与文献标准化技术委员会}},
  date = {2015-05-15},
  journaltitle = {经济与管理科学},
  number = {GB/T 7714---2015},
  url = {https://kns.cnki.net/KCMS/detail/detail.aspx?dbcode=SCSF&dbname=SCSF&filename=SCSF00045714},
  urldate = {2025-03-17},
  langid = {chinese},
  origtitle = {Information and documentation---Rules for bibliographic references and citations to information resources},
  pagetotal = {28},
  pubstate = {现行},
  keywords = {/unread},
  annotation = {applyDate: 2015-12-01\\
CLC: A14 综合-经济、文化-图书馆、档案、文献与情报工作\\
dbcode: SCSF\\
dbname: SCSF\\
filename: SCSF00045714}
}
